@book{riscv,
  title={The RISC-V Instruction Set Manual},
  volume={1},
  author={Andrew Waterman and Krste AsanovicÃÅ},
  year={2019},
  url={https://riscv.org/wp-content/uploads/2019/12/riscv-spec-20191213.pdf},
}
@book{corg,
  title={Computer Organization and Design - The Hardware/Software Interface},
  author={David A. Patterson and John L. Hennessy},
  year={2014},
  edition={5th},
  isbn={978-0-12-407726-3}
}